<record><leader>00000cas a22000007a 4500</leader><controlfield tag="001">12598216</controlfield><controlfield tag="008">850925d1868187ulauwr ne      0    0eng d</controlfield><datafield ind1=" " ind2=" " tag="010"><subfield code="a">sn 85034240 </subfield></datafield><datafield ind1=" " ind2=" " tag="040"><subfield code="a">NPU</subfield><subfield code="b">eng</subfield><subfield code="c">NPU</subfield><subfield code="d">NPX</subfield><subfield code="d">MGN</subfield><subfield code="d">OCLCQ</subfield></datafield><datafield ind1=" " ind2=" " tag="042"><subfield code="a">msc</subfield></datafield><datafield ind1="0" ind2=" " tag="130"><subfield code="a">Republican pioneer (Edgard, La. : 1868)</subfield></datafield><datafield ind1="1" ind2="4" tag="245"><subfield code="a">The Republican pioneer.</subfield></datafield><datafield ind1=" " ind2=" " tag="260"><subfield code="a">Edgard, La. :</subfield><subfield code="b">Mortimer F. Smith</subfield></datafield><datafield ind1=" " ind2=" " tag="300"><subfield code="a">v. ;</subfield><subfield code="c">57 cm.</subfield></datafield><datafield ind1=" " ind2=" " tag="310"><subfield code="a">Weekly</subfield></datafield><datafield ind1="0" ind2=" " tag="362"><subfield code="a">Vol. 1, no. 1 (Feb. 15, 1868)-</subfield></datafield><datafield ind1=" " ind2=" " tag="500"><subfield code="a">Published at Edgard, La., 1868-&lt;1872&gt;; at Bonnet Carre&#769;, &lt;1873&gt;.</subfield></datafield><datafield ind1=" " ind2=" " tag="500"><subfield code="a">Editor: Mortimer F. Smith, &lt;1868&gt;.</subfield></datafield><datafield ind1=" " ind2=" " tag="752"><subfield code="a">United States</subfield><subfield code="b">Louisiana</subfield><subfield code="c">Saint John the Baptist</subfield><subfield code="d">Edgard.</subfield></datafield><datafield ind1=" " ind2=" " tag="752"><subfield code="a">United States</subfield><subfield code="b">Louisiana</subfield><subfield code="c">Saint John the Baptist</subfield><subfield code="d">Bonnet Carre&#769;.</subfield></datafield></record>